<?xml version="1.0" encoding="UTF-8"?><collection xmlns="http://www.loc.gov/MARC21/slim"><record><leader>00323nam--2200121-i-4500</leader><controlfield tag="001">000005908</controlfield><controlfield tag="002">20161230</controlfield><controlfield tag="005">20161230201026</controlfield><controlfield tag="008">060222s1000------------r-----000-0-eng-d</controlfield><datafield ind1=" " ind2=" " tag="245"><subfield code="a">Cours de radioelectricite generale vol.2: tubes amplif.et transist</subfield></datafield><datafield ind1=" " ind2=" " tag="260"><subfield code="a">Paris, Eyrolles, 1955</subfield></datafield><datafield ind1=" " ind2=" " tag="700"><subfield code="a">Eldin, David P</subfield></datafield><datafield ind1=" " ind2=" " tag="852"><subfield code="a">11742</subfield></datafield></record></collection>